<?xml version="1.0" encoding="UTF-8"?><collection xmlns="http://www.loc.gov/MARC21/slim"><record><leader>00433nam--2200157-i-4500</leader><controlfield tag="001">000000004</controlfield><controlfield tag="002">20161230</controlfield><controlfield tag="005">20170117130914</controlfield><controlfield tag="008">060222s1000------------r-----000-0-eng-d</controlfield><datafield ind1=" " ind2=" " tag="080"><subfield code="a">621.372/.374(043)</subfield></datafield><datafield ind1=" " ind2=" " tag="100"><subfield code="a">Gheeraert, Pierre</subfield></datafield><datafield ind1=" " ind2=" " tag="245"><subfield code="a">Les circuits couples non-lineaires</subfield><subfield code="b">These</subfield><subfield code="c">Pierre Gheeraert</subfield></datafield><datafield ind1=" " ind2=" " tag="260"><subfield code="a">Besancon</subfield><subfield code="b">Universite De Besancon</subfield></datafield><datafield ind1=" " ind2=" " tag="300"><subfield code="a">135 P</subfield></datafield><datafield ind1=" " ind2=" " tag="852"><subfield code="a">77039</subfield><subfield code="c">621.372</subfield></datafield><datafield ind1=" " ind2=" " tag="CAT"><subfield code="a">SYS</subfield><subfield code="c">20170117</subfield><subfield code="h">130914</subfield></datafield></record></collection>